@inproceedings{fastfusion,
	author = {F. Steinbruecker and J. Sturm and D. Cremers},
	title = {Volumetric 3D Mapping in Real-Time on a CPU},
	booktitle = icra,
	year = {2014},
	address = {Hongkong, China},
	titleurl = {steinbruecker_etal_icra2014.pdf},
	topic = {3D Reconstruction},
	keywords =  {RGB-D,Fusion,3d-reconstruction}
},

@inproceedings{kinect,
	author = {Shahram Izadi, David Kim, Otmar Hilliges, David Molyneaux, Richard Newcombe, Pushmeet Kohli, Jamie Shotton, Steve Hodges, Dustin Freeman, Andrew Davison, and Andrew Fitzgibbon},
	title = {KinectFusion: Real-time 3D Reconstruction and Interaction Using a Moving Depth Camera},
	booktitle = {ACM Symposium on User Interface Software and Technology},
	year = {2011},
	topic = {3D Reconstruction},
},

@book{cvbook,
	title={Computer Vision: Algorithms and Applications},
	author={Szeliski, R.},
	isbn={9781848829350},
	lccn={2010936817},
	series={Texts in Computer Science},
	year={2010},
	publisher={Springer}
}


@INPROCEEDINGS{paper1, 
	author={Tanskanen, P. and Kolev, K. and Meier, L. and Camposeco, F. and Saurer, O. and Pollefeys, M.}, 
	booktitle={Computer Vision (ICCV), 2013 IEEE International Conference on}, 
	title={Live Metric 3D Reconstruction on Mobile Phones}, 
	year={2013}, 
	month={Dec}, 
	pages={65-72}, 
	keywords={cloud computing;image matching;image reconstruction;mobile handsets;stereo image processing;absolute scale on-site;capture time;cloud-based mobile reconstruction services;completeness criteria;dense 3D model generation;dense stereo matching;depth variability;indoor scene;interactive speed;live metric 3D reconstruction;mapping process;mobile monocular handheld devices;mobile phones;on-device 3D reconstruction pipeline;on-device inertial sensor usability;outdoor scene;processing time reduction;quality criteria;real-time interactive feedback;tracking process;Accelerometers;Cameras;Estimation;Sensors;Three-dimensional displays;Tracking;Visualization}, 
	doi={10.1109/ICCV.2013.15}, 
	ISSN={1550-5499}
},

@inproceedings{svo,
	author = {Forster, Christian and Pizzoli, Matia and Scaramuzza, Davide},
	title = {{SVO}: Fast Semi-Direct Monocular Visual Odometry},
	booktitle = {IEEE International Conference on Robotics and Automation (ICRA)},
	year = {2014}
},

@online{kinect1,
	author={Msdn.microsoft.com,},
	title={Kinect Fusion},
	url={https://msdn.microsoft.com/en-us/library/dn188670.aspx},
	year={2015}
},

@online{kinect2,
	author={Digital Joystick: Video Game News \& Views,},
	title={E3 2009 : Microsoft at E3 Several Metric Tons of Press Releaseapalloza},
	url={http://blog.seattlepi.com/digitaljoystick/2009/06/01/e3-2009-microsoft-at-e3-several-metric-tons-of-press-releaseapalloza},
	year={2009}
},

@misc{pinhole,
	author={Docs.opencv.org,},
	title={Camera Calibration and 3D Reconstruction OpenCV 2.4.11.0 documentation},
	url={http://docs.opencv.org/modules/calib3d/doc/camera_calibration_and_3d_reconstruction.html},
	year={2015}
}